@inproceedings{PUB-Busse-2015-CoBaS, 
	sortkey	= {A1},
	author	= {{\textbf{A.~Busse}} and Reinhardt Karnapke and Hans-Ulrich Heiss}, 
	booktitle= {2015 International Symposium on Computer Architecture and High Performance Computing Workshop},
	series	= {SBAC-PADW},
	title	= {CoBaS: Introducing a Component Based Scheduling Framework}, 
	year	= 2015, 
	pages	= {79--84}, 
	doi		= {10.1109/SBAC-PADW.2015.23}, 
	month	= oct,
	keywords= {mine}
}

@inproceedings{PUB-Busse-2015-PartialCoSched,
	sortkey	= {A2},
	author	= {{\textbf{A.~Busse}} and Sch\"{o}nherr, Jan H. and Diener, Matthias and Navaux, Philippe O. A. and Hei\ss, Hans-Ulrich},
	title	= {Partial Coscheduling of Virtual Machines Based on Memory Access Patterns},
	booktitle = {Proceedings of the 30\mkbibsuperscript{th} Annual ACM Symposium on Applied Computing},
	series	= {SAC '15},
	year	= {2015},
	month	= apr,
	isbn	= {978-1-4503-3196-8},
	location = {Salamanca, Spain},
	pages	= {2033--2038},
	numpages = {6},
	doi		= {10.1145/2695664.2695736},
	acmid	= {2695736},
	publisher = {ACM},
	address	= {New York, NY, USA},
	keywords= {mine}
} 

@inproceedings{PUB-Busse-2013-Interdependencies,
	sortkey	= {A3},
	author	= {{\textbf{A.~Busse}} and Sch\"{o}nherr, Jan H. and Diener, Matthias and M\"{u}hl, Gero and Richling, Jan},
	title	= {Analyzing Resource Interdependencies in Multi-core Architectures to Improve Scheduling Decisions},
	booktitle= {Proceedings of the 28\mkbibsuperscript{th} Annual ACM Symposium on Applied Computing},
	series	= {SAC '13},
	year	= {2013},
	month	= mar,
	isbn	= {978-1-4503-1656-9},
	location= {Coimbra, Portugal},
	pages	= {1595--1602},
	numpages= {8},
	doi		= {10.1145/2480362.2480661},
	acmid	= {2480661},
	publisher	= {ACM},
	address	= {New York, NY, USA},
	keywords= {mine}
} 

@inproceedings{PUB-Busse:2011:SSDCache,
	sortkey	= {A4},
	Title	= {SSD-basiertes Caching von Blockger\"aten},
	Author	= {{\textbf{A.~Busse}}},
	Booktitle	= {Informatiktage 2011},
	Pages	= {139--142},
	Year	= {2011},
	Isbn	= {978-3-88579-444-8},
	Issn	= {1614-3213},
	Volume	= {S-10},
	Month	= mar,
	Editor	= {{Gesellschaft f\"ur Informatik}},
	keywords= {mine}
}


@inproceedings{PUB-Sydow-2016-kcomp, 
	sortkey	= {B0},
	author	= {Stefan Sydow and Mohannad Nabelsee and {\textbf{A.~Busse}} and Sebastian Koch and Helge Parzyjegla}, 
	booktitle= {2016 International Symposium on Computer Architecture and High Performance Computing},
	series	= {SBAC-PAD},
	title	= {Performance-Aware Device Driver Architecture for Signal Processing}, 
	year	= 2016,
	month	= oct,
	note	= {Accepted for Publication}
}


@inproceedings{PUB-Nabelsee-2016-Centralized,
	sortkey	= {B1},
	author	= {Nabelsee, Mohannad and {\textbf{A.~Busse}} and Parzyjegla, Helge and M\"{u}hl, Gero},
	title	= {Load-aware Scheduling for Heterogeneous Multi-core Systems},
	booktitle = {Proceedings of the 31\mkbibsuperscript{st} Annual ACM Symposium on Applied Computing},
	series	= {SAC '16},
	year	= {2016},
	month	= apr,
	isbn 	= {978-1-4503-3739-7},
	location = {Pisa, Italy},
	pages 	= {1844--1851},
	numpages = {8},
	doi		= {10.1145/2851613.2851738},
	acmid = {2851738},
	publisher = {ACM},
	address = {New York, NY, USA},
}

@inproceedings{PUB-Rabuske:2015:GetLBPP,
	sortkey	= {B2},
	Title	= {GetLB++: Improving Transaction Load Balancing on the Electronic Funds Transfer Landscape},
	Author	= {Felipe Rabuske and Cristiano Andr\'{e} {da Costa} and Rodrigo {da Rosa Righi} and Gustavo Rostirolla and Antonio Alberti and {\textbf{A.~Busse}} and Hans-Ulrich Heiss},
	Booktitle= {Proceedings of the 21\mkbibsuperscript{st} International Conference on Parallel and Distributed Processing Techniques and Applications},
	series	= {PDPTA 2015},
	Pages	= {13--19},
	Year	= {2015},
	Isbn	= {1-60132-424-3},
	Location= {Las Vegas, Nevada, USA},
	Address	= {San Diego, California, USA},
	Month	= jul,
	Publisher	= {CSREA Press},
}

@article{PUB-Diener:2015:CPT:2775789.2776741,
	sortkey	= {B3},
	author	= {Diener, Matthias and Cruz, Eduardo H.M. and Navaux, Philippe O.A. and {\textbf{A.~Busse}} and Hei\ss, Hans-Ulrich},
	title	= {Communication-aware Process and Thread Mapping Using Online Communication Detection},
	journal	= {Journal Parallel Computing},
	issue_date	= {March 2015},
	volume	= {43},
	number	= {C},
	month	= mar,
	year	= {2015},
	issn	= {0167-8191},
	pages	= {43--63},
	numpages	= {21},
	doi		= {10.1016/j.parco.2015.01.005},
	acmid	= {2776741},
	publisher	= {Elsevier Science Publishers B. V.},
	address	= {Amsterdam, The Netherlands, The Netherlands},
}

@inproceedings{PUB-6310955, 
	sortkey	= {B4},
	author	= {N. Jeremic and G. Mühl and {\textbf{A.~Busse}} and J. Richling}, 
	booktitle	= {7\mkbibsuperscript{th} IEEE International Conference on Networking, Architecture, and Storage}, 
	series	= {NAS 2012},
	title	= {Dataset Management-Aware Software Architecture for Storage Systems Based on SSDs}, 
	year	= {2012}, 
	pages	= {288-292}, 
	doi		= {10.1109/NAS.2012.42}, 
	month	= jun,
}

@inproceedings{PUB-Jeremic:2012:OSS:2245276.2232061,
	sortkey	= {B5},
	author	= {Jeremic, Nikolaus and M\"{u}hl, Gero and {\textbf{A.~Busse}} and Richling, Jan},
	title	= {Operating System Support for Dynamic Over-provisioning of Solid State Drives},
	booktitle	= {Proceedings of the 27\mkbibsuperscript{th} Annual ACM Symposium on Applied Computing},
	series	= {SAC '12},
	year	= {2012},
	isbn	= {978-1-4503-0857-1},
	location= {Trento, Italy},
	pages	= {1753--1758},
	numpages= {6},
	doi	= {10.1145/2245276.2232061},
	acmid	= {2232061},
	publisher	= {ACM},
	address	= {New York, NY, USA},
} 

@article{PUB-ParzyjeglaEtAl:Rebeca:2011,
	sortkey	= {B6},
	Title 	= {Rebeca - eine autonome Publish/Subscribe Middleware},
	Author = {Helge Parzyjegla and Daniel Graff and Arnd Schr\"oter and Alexej Schepeljanski and {\textbf{A.~Busse}} and Jan Richling and Matthias Werner and Gero M\"uhl},
	Year 	= {2011},
	Journal = {Praxis der Informationsverarbeitung und Kommunikation (PIK)},
	volume	= {34},
	number	= {3},
	month	= aug,
	pages	= {135--137},
	doi		= {10.1515/piko.2011.025},
	issn	= {0930-5157},
}

@inproceedings{PUB-ParzyjeglaEtAl:FeatureComposition:2011,
	sortkey	= {B7},
	Title	= {Autonomy Features and Feature Composition in REBECA},
	Author	= {Helge Parzyjegla and Arnd Schr\"oter and Daniel Graff and {\textbf{A.~Busse}} and Alexej Schepeljanski and Jan Richling and Matthias Werner and Gero M\"uhl},
	booktitle= {8\mkbibsuperscript{th} IEEE/ACM International Conference on Autonomic Computing},
	series	= {ICAC’11},
	Year	= {2011},
	Location= {Karlsruhe, Germany},
	Month	= jun,
	Publisher	= {ACM}
}

@inproceedings{PUB-Jeremic:2011:PDS:1987816.1987835,
	sortkey	= {B8},
	author	= {Jeremic, Nikolaus and M\"{u}hl, Gero and {\textbf{A.~Busse}} and Richling, Jan},
	title	= {The Pitfalls of Deploying Solid-state Drive RAIDs},
	booktitle	= {Proceedings of the 4\mkbibsuperscript{th} Annual International Conference on Systems and Storage},
	series	= {SYSTOR '11},
	year	= {2011},
	isbn	= {978-1-4503-0773-4},
	location	= {Haifa, Israel},
	pages	= {14:1--14:13},
	articleno	= {14},
	numpages	= {13},
	doi	= {10.1145/1987816.1987835},
	acmid	= {1987835},
	publisher	= {ACM},
	address	= {New York, NY, USA},
} 
